@misc{dsi:DZ/0,
	series = {dsi:{DZFCt68peNNajZ34WtZni9VYxzo}},
	number = {0},
	year = {2023},
	title = {Lineal admixture time: an interdisciplinary definition},
	author = {Ellerman, E. Castedo},
}
@misc{dsi:0i/0.3,
	series = {dsi:{0iV47kWzQAuyONrIDG538k3x3Qc}},
	title = {Gametic lineage space},
	url = {https://perm.pub/0iV47kWzQAuyONrIDG538k3x3Qc/0.3},
	number = {0.3},
	author = {Ellerman, E. Castedo},
	year = {2023},
}
